@book{richards-architecture,
   author = "M. Richards and N. Ford",
   title = "Fundamentals of Software Architecture: An Engineering Approach",
   edition = "1",
   publisher = "O'Reilly Media",
   year = "2020",
}

@mastersthesis{grael-tcc,
  author  = {GRAEL, F. F},
  title   = {Sistema Glance: recuperação e processamento de grandes volumes de dados},
  school  = {Escola Politécnica/UFRJ},
  address = {Rio de Janeiro, RJ, Brasil},
  type    = {Bachelor's Thesis},
  year    = 2009,
  url     = "http://www.repositorio.poli.ufrj.br/monografias/monopoli10001978.pdf"
}

@article{maidantchik-glance,
  author  = {Maidantchik, C and Grael, F F and Galvão, K K and Pommès, K},
  title   = {{Glance project: a database retrieval mechanism for the ATLAS detector}},
  journal = {J. Phys.: Conf. Ser.},
  volume  = {119},
  pages   = {042020},
  year    = {2008},
  url     = {http://cds.cern.ch/record/1176554},
  doi     = {10.1088/1742-6596/119/4/042020}
}

@mastersthesis{lange-tcc,
  author  = {Ramos, B. L},
  title   = {FENCE: uma abordagem orientada a objetos na concepção de sistemas Web altamente configuráveis para os experimentos do CERN},
  school  = {Escola Politécnica/UFRJ},
  address = {Rio de Janeiro, RJ, Brasil},
  type    = {Bachelor's Thesis},
  year    = 2015,
  url     = {http://www.repositorio.poli.ufrj.br/monografias/monopoli10014830.pdf}
}

@mastersthesis{pinhao-tcc,
  author  = {Pinhão, G. L. L},
  title   = {Automação do processo de produção de publicações em colaborações científicas geograficamente distribuídas},
  school  = {Escola Politécnica/UFRJ},
  address = {Rio de Janeiro, RJ, Brasil},
  type    = {Bachelor's Thesis},
  year    = 2019,
  url     = {http://www.repositorio.poli.ufrj.br/monografias/monopoli10030076.pdf}
}

@misc{composer-website,
  title        = {Introduction - Composer},
  howpublished = {\url{https://getcomposer.org/doc/00-intro.md}},
  access       = {2023-06-12},
}

@misc{npm-website,
  title        = {About npm},
  howpublished = {\url{https://docs.npmjs.com/about-npm}},
  access       = {2023-06-12},
}

@misc{bower-website,
  title        = {Bower - a package manager for the web},
  howpublished = {\url{https://bower.io}},
  access       = {2023-06-12},
}

@misc{grunt-website,
  title        = {Grunt: The JavaScript Task Runner},
  howpublished = {\url{https://gruntjs.com}},
  access       = {2023-06-12},
}

@misc{rishikesh,
  title        = {Global Variables Are Bad},
  howpublished = {\url{http://wiki.c2.com/?GlobalVariablesAreBad}},
  access       = {2023-06-12},
  year         = 2013,
  author       = {Rishikesh Parkhe},
}

@misc{ibm-software-testing,
  title  = {What is software testing?},
  url    = {https://www.ibm.com/topics/software-testing},
  access = {2023-06-12},
}

@mastersthesis{alves-tcc,
  author  = {Leandro Domingues Macedo Alves},
  title   = {Ambiente ágil de testes automáticos em nuvem para os sistemas web FENCE dos experimentos do CERN},
  school  = {Escola Politécnica/UFRJ},
  address = {Rio de Janeiro, RJ, Brasil},
  type    = {Bachelor's Thesis},
  year    = 2019,
  url     = {http://www.repositorio.poli.ufrj.br/monografias/monopoli10030265.pdf}
}

@mastersthesis{de-jesus-tcc,
  author  = {Michelly de Jesus Teixeira},
  title   = {Decoupling user interfaces and business logic in the development of the equipment management system for the LHCb Experiment at CERN},
  school  = {Escola Politécnica/UFRJ},
  address = {Rio de Janeiro, RJ, Brasil},
  type    = {Bachelor's Thesis},
  year    = 2022,
  url     = {http://www.repositorio.poli.ufrj.br/monografias/projpoli10039512.pdf}
}

@phdthesis{fielding-rest,
  author  = {Roy Thomas Fielding},
  title   = {Architectural Styles and the Design of Network-based Software Architectures},
  school  = {University of California},
  address = {Irvine},
  type    = {{PhD Dissertation}},
  year    = 2000,
  url     = {https://www.ics.uci.edu/~fielding/pubs/dissertation/fielding_dissertation.pdf}
}

@misc{restfulapi-site,
  title  = {What is REST},
  url    = {https://restfulapi.net},
  access = {2023-06-12},
}

@misc{foundation-website,
  title        = {Foundation Home Page},
  howpublished = {\url{http://ais.web.cern.ch/apps/foundation/welcome.html}},
  access       = {2023-06-12},
}

@misc{gdpr,
  title        = {Regulation (EU) 2016/679 of the European Parliament and of the Council of 27 April on the Protection of Natural Persons with Regard to the Processing of Personal Data and on the  Movement of Such Data, and Repealing Directive 95/46/EC (General Data Protection Regulation)},
  year         = 2016,
  month        = {Apr},
  access       = {2023-06-12},
  url = {https://eur-lex.europa.eu/legal-content/EN/TXT/PDF/?uri=CELEX:32016R0679},
}

@article{cern-operational-circular-11,
  title = {Operational Circular No. 11},
  month = {Jan},
  year  = 2019,
  url   = {http://cds.cern.ch/record/2651311/files/Circ_Op_Angl_No11_Rev0.pdf},
}

@misc{cap-website,
  title  = {CERN Analysis Preservation},
  url    = {https://analysispreservation.cern.ch},
  access = {2023-06-12},
}

@misc{atlas-glance-analysis,
  title  = {ATLAS Glance Analysis},
  url    = {https://atlas-glance.cern.ch/atlas/analysis},
  access = {2023-06-12},
}

@misc{alice-collaboration-service-work,
  title  = {Service Work | ALICE Collaboration},
  url    = {https://alice-collaboration.web.cern.ch/service_work},
  access = {2023-06-12},
}

@misc{service-work-modus-operandi,
  title  = {ALICE Service Work: modus operandi},
  url    = {https://alice-collaboration.web.cern.ch/sites/default/files/Documents/ALICE\%20service\%20work_\%20modus\%20operandi.pdf},
  access = {2023-06-12},
  year   = 2022,
  month  = {Nov},
}

@misc{alice-constitution,
  title  = {ALICE Constitution},
  url    = {https://alice-collaboration.web.cern.ch/sites/default/files/Documents/ALICEConstitution_2.pdf},
  access = {2023-06-12},
  year   = 2021,
  month  = {Jan},
}

@misc{alice-glance-sw-website,
  title  = {ALICE Glance Service Work},
  url    = {https://alice-glance.cern.ch/service-work},
  access = {2023-06-12},
}

@misc{sw-source-code,
  title  = {ALICE Glance Service Work source code},
  url    = {https://gitlab.cern.ch/fence/alice/service-work},
  access = {2023-06-12},
}

@misc{lumen-website,
  title  = {Installation - Lumen - PHP Micro-Framework By Laravel},
  url    = {https://lumen.laravel.com/docs/10.x},
  access = {2023-06-30},
}

@misc{mezzio-website,
  title  = {Mezzio Documentation},
  url    = {https://docs.mezzio.dev},
  access = {2023-06-30},
}

@misc{laravel-website,
  title  = {Laravel - The PHP Framework for Web Artisans},
  url    = {https://laravel.com},
  access = {2023-06-30},
}

@misc{symfony-website,
  title  = {Symfony, High Performance PHP Framework for Web Development},
  url    = {https://symfony.com/what-is-symfony},
  access = {2023-06-30},
}

@misc{slim-website,
  title  = {Slim Framework},
  url    = {https://www.slimframework.com},
  access = {2023-06-30},
}

@misc{slim-2-doc,
  title  = {Slim 2 Documentation - Slim Framework},
  url    = {https://www.slimframework.com/docs/v2},
  access = {2023-06-30},
}

@misc{frapi-v1-setup-documentation,
  title  = {Frapi - Setting up the API},
  url    = {https://readthedocs.web.cern.ch/fence-docs/getting-started/setting-up-the-api},
  access = {2023-06-30},
}

@misc{shibboleth-website,
  title  = {The Shibboleth Project},
  url    = {https://www.shibboleth.net/about-us/the-shibboleth-project},
  access = {2023-06-30},
}

@misc{keycloak-website,
  title  = {Keycloak},
  url    = {https://www.keycloak.org},
  access = {2023-06-30},
}

@misc{defining-environment-variables,
  title  = {Defining Environment Variables in UNIX Environments},
  url    = {https://documentation.sas.com/doc/en/pgmsascdc/9.4_3.5/hostunx/n09yufm73q93yzn12nz78mpitlps.htm},
  access = {2023-06-30},
}

@misc{vue-about,
  title  = {Introduction | Vue.js},
  url    = {https://vuejs.org/guide/introduction.html},
  access = {2023-06-30},
}

@misc{vue-environment-variables,
  title  = {Modes and Environment Variables | Vue CLI},
  url    = {https://cli.vuejs.org/guide/mode-and-env.html#environment-variables},
  access = {2023-06-30},
}

@misc{frapi-environment-variables,
  title  = {Environment variables - Frapi},
  url    = {https://readthedocs.web.cern.ch/fence-docs/getting-started/environment-variables},
  access = {2023-06-30},
}

@misc{auth0-authentication-authorization,
  title  = {Authentication vs. Authorization},
  url    = {https://auth0.com/docs/get-started/identity-fundamentals/authentication-and-authorization},
  access = {2023-06-30},
}

@article{shibboleth-article,
    author = {Ormancey, E},
    year = {2008},
    month = {07},
    pages = {082008},
    title = {CERN single sign on solution},
    volume = {119},
    journal = {Journal of Physics: Conference Series},
    doi = {10.1088/1742-6596/119/8/082008},
    url = {https://iopscience.iop.org/article/10.1088/1742-6596/119/8/082008}
}

@article{keycloak-article,
    author = "Corman, Asier Aguado and Rodr\'\i{}guez, Daniel Fern\'andez and Georgiou, Maria V. and Rische, Julien and Schuszter, Ioan Cristian and Short, Hannah and Tedesco, Paolo",
    editor = "Doglioni, C. and Kim, D. and Stewart, G. A. and Silvestris, L. and Jackson, P. and Kamleh, W.",
    title = "{CERN\textquoteright{}s Identity and Access Management: A journey to Open Source}",
    doi = "10.1051/epjconf/202024503012",
    journal = "EPJ Web Conf.",
    volume = "245",
    pages = "03012",
    year = "2020",
    url = {https://www.epj-conferences.org/articles/epjconf/abs/2020/21/epjconf_chep2020_03012/epjconf_chep2020_03012.html}
}

@misc{malt,
  title  = {MAlt},
  url    = {https://malt.web.cern.ch/malt},
  access = {2023-06-30},
}

@misc{malt-internal,
  title  = {MALT Project Information for CERN Users},
  url    = {https://malt-internal.web.cern.ch},
  access = {2023-06-30},
}

@misc{malt-auth,
  title  = {Alternatives - malt-internal},
  url    = {https://malt-internal.web.cern.ch/alternatives/#auth},
  access = {2023-06-30},
}

@misc{registering-application,
  title  = {Authorization Service - Adding your application to the service},
  url    = {https://auth.docs.cern.ch/applications/adding-application},
  access = {2023-06-30},
}

@misc{cern-auth-oidc-guide,
  title  = {Authorization Service - OIDC},
  url    = {https://auth.docs.cern.ch/user-documentation/oidc/oidc},
  access = {2023-06-30},
}

@misc{oauth-grant-type,
  title  = {OAuth Grant Types},
  url    = {https://oauth.net/2/grant-types},
  access = {2023-06-30},
}

@misc{rfc-7519,
  title  = {RFC 7519 - JSON Web Token (JWT)},
  url    = {https://datatracker.ietf.org/doc/html/rfc7519},
  access = {2023-06-30},
}

@misc{jwt-introduction,
  title  = {Introduction to JSON Web Tokens},
  url    = {https://jwt.io/introduction},
  access = {2023-06-30},
}

@misc{logging-wikipedia,
    author = "{Wikipedia contributors}",
    title = "Logging (computing) --- {Wikipedia}{,} The Free Encyclopedia",
    year = "2023",
    url = "https://en.wikipedia.org/w/index.php?title=Logging_(computing)&oldid=1156251753",
    access = {2023-06-30},
}

@misc{logrotate-man,
  title  = {logrotate(8) - Linux man page},
  url    = {https://linux.die.net/man/8/logrotate},
  access = {2023-06-30},
}

@misc{frapi-error-handler-doc,
  title  = {Error handling - Frapi},
  url    = {https://readthedocs.web.cern.ch/fence-docs/getting-started/error-handling},
  access = {2023-06-30},
}

@misc{json-api-intro,
  title  = {Introduction - JSON:API},
  url    = {https://jsonapi.org/format/#introduction},
  access = {2023-06-30},
}

@misc{json-api-error,
  title  = {Errors - JSON:API},
  url    = {https://jsonapi.org/format/#errors},
  access = {2023-06-30},
}

@misc{json-api-error-example,
  title  = {Error Objects - JSON:API},
  url    = {https://jsonapi.org/examples/#error-objects},
  access = {2023-06-30},
}

@misc{sentry-about,
  title  = {About Sentry},
  url    = {https://sentry.io/about},
  access = {2023-06-30},
}

@misc{sentry-cern,
  title  = {Sentry Error Tracking - CERN},
  url    = {https://sentry.docs.cern.ch},
  access = {2023-06-30},
}

@misc{chain-of-responsibility,
  title  = {Chain of Responsibility},
  url    = {https://refactoring.guru/design-patterns/chain-of-responsibility},
  access = {2023-06-30},
}

@misc{slim-middleware-doc,
  title  = {Middleware Overview - Slim Framework},
  url    = {https://www.slimframework.com/docs/v2/middleware/overview.html},
  access = {2023-06-30},
}
